%# -*- coding: utf-8-unix -*-
@article{Androutsopoulos1995Natural,
  title={Natural Language Interfaces to Databases - An Introduction},
  author={Androutsopoulos, I and Ritchie, G. D and Thanisch, P},
  journal={Natural Language Engineering},
  volume={1},
  number={1},
  pages={29-81},
  year={1995},
}
